<record><leader>00000cas a2200000 a 4500</leader><controlfield tag="001">10454895</controlfield><controlfield tag="008">840224d18941894ksudr ne      0   a0eng d</controlfield><datafield ind1=" " ind2=" " tag="010"><subfield code="a">sn 84029113 </subfield></datafield><datafield ind1=" " ind2=" " tag="040"><subfield code="a">KSH</subfield><subfield code="b">eng</subfield><subfield code="c">KSH</subfield><subfield code="d">NPT</subfield><subfield code="d">OCL</subfield><subfield code="d">OCLCQ</subfield></datafield><datafield ind1=" " ind2=" " tag="042"><subfield code="a">msc</subfield></datafield><datafield ind1=" " ind2=" " tag="043"><subfield code="a">n-us-ks</subfield></datafield><datafield ind1="0" ind2=" " tag="130"><subfield code="a">Daily news (Arkansas City, Kan. : 1894)</subfield></datafield><datafield ind1="1" ind2="4" tag="245"><subfield code="a">The daily news.</subfield></datafield><datafield ind1=" " ind2=" " tag="260"><subfield code="a">Arkansas City, Kan. :</subfield><subfield code="b">Snyder, Bly &amp; Craig,</subfield><subfield code="c">1894.</subfield></datafield><datafield ind1=" " ind2=" " tag="300"><subfield code="a">1 v. :</subfield><subfield code="b">ill. ;</subfield><subfield code="c">50 cm.</subfield></datafield><datafield ind1=" " ind2=" " tag="310"><subfield code="a">Daily</subfield></datafield><datafield ind1="0" ind2=" " tag="362"><subfield code="a">Vol. 1, no. 1 (Feb. 1, 1894)-v. 1, no. 25 (Mar. 1, 1894) = Evening dispatch v. 7, no. 208-v. 7, no. 232 ; v. 1, no. 26 (Mar. 3, 1894)-v. 1, no. 28 (Mar. 5, 1894).</subfield></datafield><datafield ind1=" " ind2=" " tag="500"><subfield code="a">"Democratic."</subfield></datafield><datafield ind1=" " ind2=" " tag="752"><subfield code="a">United States</subfield><subfield code="b">Kansas</subfield><subfield code="c">Cowley</subfield><subfield code="d">Arkansas City.</subfield></datafield><datafield ind1="0" ind2="0" tag="780"><subfield code="t">Evening dispatch (Arkansas City, Kan. : 1893)</subfield><subfield code="w">(DLC)sn 84029083</subfield></datafield></record>